<record><leader>00000cas a22000007a 4500</leader><controlfield tag="001">39283066</controlfield><controlfield tag="008">980613d19461961caucr ne      0    0eng d</controlfield><datafield ind1=" " ind2=" " tag="010"><subfield code="a">sn 98061474 </subfield></datafield><datafield ind1=" " ind2=" " tag="040"><subfield code="a">CNK</subfield><subfield code="b">eng</subfield><subfield code="c">CNK</subfield><subfield code="d">OCLCQ</subfield><subfield code="d">OCLCF</subfield><subfield code="d">OCLCO</subfield></datafield><datafield ind1="1" ind2=" " tag="029"><subfield code="a">AU@</subfield><subfield code="b">000014018132</subfield></datafield><datafield ind1=" " ind2=" " tag="042"><subfield code="a">msc</subfield></datafield><datafield ind1=" " ind2=" " tag="043"><subfield code="a">n-us-ca</subfield></datafield><datafield ind1="0" ind2=" " tag="130"><subfield code="a">Southeast news (Downey, Calif. : 1946)</subfield></datafield><datafield ind1="1" ind2="0" tag="245"><subfield code="a">Southeast news.</subfield></datafield><datafield ind1=" " ind2=" " tag="260"><subfield code="a">Downey, Calif. :</subfield><subfield code="b">G.F. Karnopp</subfield></datafield><datafield ind1=" " ind2=" " tag="300"><subfield code="a">v.</subfield></datafield><datafield ind1=" " ind2=" " tag="310"><subfield code="a">Semiweekly,</subfield><subfield code="b">Oct. 12, 1958-Apr. 9, 1961</subfield></datafield><datafield ind1=" " ind2=" " tag="321"><subfield code="a">Weekly,</subfield><subfield code="b">Dec. 5, 1946-Oct. 9, 1958</subfield></datafield><datafield ind1="0" ind2=" " tag="362"><subfield code="a">Vol. 2, no. 7 (Dec. 5, 1946)-v. 16, no. 50 (Apr. 9, 1961).</subfield></datafield><datafield ind1=" " ind2="0" tag="651"><subfield code="a">Downey (Calif.)</subfield><subfield code="v">Newspapers.</subfield></datafield><datafield ind1=" " ind2="0" tag="651"><subfield code="a">Los Angeles County (Calif.)</subfield><subfield code="v">Newspapers.</subfield></datafield><datafield ind1=" " ind2="7" tag="655"><subfield code="a">Newspapers.</subfield><subfield code="2">fast</subfield><subfield code="0">(OCoLC)fst01423814</subfield></datafield><datafield ind1=" " ind2="7" tag="651"><subfield code="a">California</subfield><subfield code="z">Downey.</subfield><subfield code="2">fast</subfield><subfield code="0">(OCoLC)fst01208942</subfield></datafield><datafield ind1=" " ind2="7" tag="651"><subfield code="a">California</subfield><subfield code="z">Los Angeles County.</subfield><subfield code="2">fast</subfield><subfield code="0">(OCoLC)fst01205194</subfield></datafield><datafield ind1=" " ind2=" " tag="752"><subfield code="a">United States</subfield><subfield code="b">California</subfield><subfield code="c">Los Angeles</subfield><subfield code="d">Downey.</subfield></datafield><datafield ind1="0" ind2="0" tag="780"><subfield code="t">Hollydale news</subfield><subfield code="w">(DLC)sn 98061473</subfield></datafield><datafield ind1="0" ind2="0" tag="785"><subfield code="t">Downey southeast news</subfield><subfield code="w">(DLC)sn 98061489</subfield></datafield></record>